@article{Xie2007,
  doi = {10.1021/pr060392u},
  url = {https://www.ncbi.nlm.nih.gov/pubmed/17391014},
  year  = {2007},
  month = {may},
  publisher = {American Chemical Society ({ACS})},
  volume = {6},
  number = {5},
  pages = {1882--1898},
  author = {Hongbo Xie and Slobodan Vucetic and Lilia M. Iakoucheva and Christopher J. Oldfield and A. Keith Dunker and Vladimir N. Uversky and Zoran Obradovic},
  title = {Functional Anthology of Intrinsic Disorder. 1. Biological Processes and Functions of Proteins with Long Disordered Regions},
  journal = {Journal of Proteome Research}
}


% GO consortium trazi ova dva

@article{GO2000,
  doi = {10.1038/75556},
  url = {https://www.ncbi.nlm.nih.gov/pmc/articles/PMC3037419},
  year  = {2000},
  month = {may},
  publisher = {Springer Nature},
  volume = {25},
  number = {1},
  pages = {25--29},
  author = {Michael Ashburner and Catherine A. Ball and Judith A. Blake and David Botstein and Heather Butler and J. Michael Cherry and Allan P. Davis and Kara Dolinski and Selina S. Dwight and Janan T. Eppig and Midori A. Harris and David P. Hill and Laurie Issel-Tarver and Andrew Kasarskis and Suzanna Lewis and John C. Matese and Joel E. Richardson and Martin Ringwald and Gerald M. Rubin and Gavin Sherlock},
  title = {Gene Ontology: tool for the unification of biology},
  journal = {Nature Genetics}
}

@article{GO2016,
  doi = {10.1093/nar/gkw1108},
  url = {https://www.ncbi.nlm.nih.gov/pmc/articles/PMC5210579},
  year  = {2016},
  month = {nov},
  publisher = {Oxford University Press ({OUP})},
  volume = {45},
  number = {D1},
  pages = {D331--D338},
  author = {{GO Consortium}},
  title = {Expansion of the Gene Ontology knowledgebase and resources},
  journal = {Nucleic Acids Research}
}


%%%%%%%%%%%%%%%%%%%%




%%%%%%%%%%%%%% IDP & IDPR %%%%%%%%%%%%%
/10.1016/S1093-3263(00)00138-8)


@article{dunker2001,
  doi = {10.1016/s1093-3263(00)00138-8},
  url = {https://doi.org/10.1016/s1093-3263(00)00138-8},
  year  = {2001},
  month = {feb},
  publisher = {Elsevier {BV}},
  volume = {19},
  number = {1},
  pages = {26--59},
  author = {A.Keith Dunker and J.David Lawson and Celeste J Brown and Ryan M Williams and Pedro Romero and Jeong S Oh and Christopher J Oldfield and Andrew M Campen and Catherine M Ratliff and Kerry W Hipps and Juan Ausio and Mark S Nissen and Raymond Reeves and ChulHee Kang and Charles R Kissinger and Robert W Bailey and Michael D Griswold and Wah Chiu and Ethan C Garner and Zoran Obradovic},
  title = {Intrinsically disordered protein},
  journal = {Journal of Molecular Graphics and Modelling}
}

@article{oldfield2014,
  doi = {10.1146/annurev-biochem-072711-164947},
  url = {https://doi.org/10.1146/annurev-biochem-072711-164947},
  year  = {2014},
  month = {jun},
  publisher = {Annual Reviews},
  volume = {83},
  number = {1},
  pages = {553--584},
  author = {Christopher J. Oldfield and A. Keith Dunker},
  title = {Intrinsically Disordered Proteins and Intrinsically Disordered Protein Regions},
  journal = {Annual Review of Biochemistry}
}

@article{uversky2016,
  doi = {10.1074/jbc.r115.685859},
  url = {https://doi.org/10.1074/jbc.r115.685859},
  year  = {2016},
  month = {feb},
  publisher = {American Society for Biochemistry {\&} Molecular Biology ({ASBMB})},
  volume = {291},
  number = {13},
  pages = {6681--6688},
  author = {Vladimir N. Uversky},
  title = {Dancing Protein Clouds: The Strange Biology and Chaotic Physics of Intrinsically Disordered Proteins},
  journal = {Journal of Biological Chemistry}
}


%%%%%%%%%%%%%  BAZE  %%%%%%%%%%%%%%%%%%


@article{Chen2017,
  doi = {10.1007/978-1-4939-6783-4_1},
  year  = {2017},
  publisher = {Springer New York},
  pages = {3--39},
  author = {Chuming Chen and Hongzhan Huang and Cathy H. Wu},
  title = {Protein Bioinformatics Databases and Resources},
  booktitle = {Protein Bioinformatics}
}





@article{svisprot2003,
  doi = {10.1093/nar/gkg095},
  url = {https://doi.org/10.1093/nar/gkg095},
  year  = {2003},
  month = {jan},
  publisher = {Oxford University Press ({OUP})},
  volume = {31},
  number = {1},
  pages = {365--370},
  author = {B. Boeckmann},
  title = {The {SWISS}-{PROT} protein knowledgebase and its supplement {TrEMBL} in 2003},
  journal = {Nucleic Acids Research}
}


@article{Barrell2009,
  doi = {10.1093/nar/gkn803},
  year  = {2009},
  month = {jan},
  publisher = {Oxford University Press ({OUP})},
  volume = {37},
  number = {Database},
  pages = {D396--D403},
  author = {D. Barrell and E. Dimmer and R. P. Huntley and D. Binns and C. O{\textquotesingle}Donovan and R. Apweiler},
  title = {The {GOA} database in 2009--an integrated Gene Ontology Annotation resource},
  journal = {Nucleic Acids Research}
}
