@misc{projekat,
  title ={Adresa projekta},
  howpublished = {\url{https://github.com/gvinterhalter/MASTER2}},
}

@misc{sekundarna_ref_a,
  title ={Slika alfa spirale i beta ploče a)},
  howpublished = {\url{https://www.nature.com/horizon/proteinfolding/background/figs/importance_f3.html}},
  note = {Pristupljeno: 24.03.2018}
}

@misc{sekundarna_ref_b,
  title ={Slika alfa spirale i beta ploče b)},
  howpublished = {\url{http://ib.bioninja.com.au/higher-level/topic-7-nucleic-acids/73-translation/protein-structure.html}},
  note = {Pristupljeno: 24.03.2018}
}

@misc{nonRedundant,
  title ={How redundant are the UniProt databases?},
  howpublished = {\url{http://www.uniprot.org/help/redundancy}},
  note = {Pristupljeno: 13.12.2017}
}

@misc{CAFA,
  title ={CAFA},
  howpublished = {\url{http://biofunctionprediction.org/cafa/}},
  note = {Pristupljeno: 13.12.2017}
}

@misc{go_veb,
  title ={GO veb sajt},
  howpublished = {\url{http://www.geneontology.org/}},
}

@misc{uniprot_veb,
  title ={\textit{UniProt} veb sajt},
  howpublished = {\url{https://www.uniprot.org/}},
}

@misc{AKfrekvencija,
  title ={Amino acid frequency},
  howpublished = {\url{http://www.tiem.utk.edu/~gross/bioed/webmodules/aminoacid.htm}},
  note = {Pristupljeno: 13.13.2017}
}

@article{King1969,
  doi = {10.1126/science.164.3881.788},
  url = {https://doi.org/10.1126/science.164.3881.788},
  year  = {1969},
  month = {may},
  publisher = {American Association for the Advancement of Science ({AAAS})},
  volume = {164},
  number = {3881},
  pages = {788--798},
  author = {J. L. King and T. H. Jukes},
  title = {Non-Darwinian Evolution},
  journal = {Science}
}

@misc{dbSummary2015,
  title ={database summary 2015},
  howpublished = {\url{https://proteininformationresource.org/staff/chenc/MiMB/dbSummary2015.html}},
  note = {Pristupljeno: 13.02.2018}
}

@misc{www_uniprot,
  title ={\uniprotkb manual},
  howpublished = {\url{https://www.uniprot.org/help/?query=*&fil=section:manual}},
  note = {Pristupljeno: 13.02.2018}
}


%%%%%%%%  GO  %%%%%%%%%

@misc{is_a,
  title ={Ontology Relations},
  howpublished = {\url{http://geneontology.org/page/ontology-relations\#isa_reas}},
  note = {Pristupljeno: 22.02.2018}
}

@misc{go_struktura,
  title ={Ontology Structure},
  howpublished = {\url{http://geneontology.org/page/ontology-structure}},
  note = {Pristupljeno: 22.02.2018}
}

@misc{go_mf,
  title ={Molecular Function Ontology Guidelines},
  howpublished = {\url{http://geneontology.org/page/molecular-function-ontology-guidelines}},
  note = {Pristupljeno: 22.02.2018}
}


@misc{go_obo,
  title ={go.obo},
  howpublished = {\url{http://purl.obolibrary.org/obo/go.obo}},
  note = {Pristupljeno: 01.12.2017}
}

@misc{keywlist_txt,
  title ={keywlist.txt},
  howpublished = {\url{www.uniprot.org/docs/keywlist.txt}},
  note = {Pristupljeno: 20.12.2017}
}

@misc{uniprotkb_kw2go,
  title ={uniprotkb\_kw2go},
  howpublished = {\url{http://geneontology.org/external2go/uniprotkb_kw2go}},
  note = {Pristupljeno: 20.12.2017}
}


@misc{sprot,
  title ={link},
  howpublished = {\url{ftp://ftp.uniprot.org/pub/databases/uniprot/previous_releases/release-2017_12/knowledgebase}},
}


%% rezultati

@misc{viridis,
  title ={viridis},
  howpublished = {\url{https://matplotlib.org/users/colormaps.html}},
  note = {Pristupljeno: 18.03.2018}
}

@misc{rezultati,
  title ={rezultati},
  howpublished = {\url{https://github.com/gvinterhalter/MASTER2/tree/master/data/OUT/}},
}

@misc{AA_freq_link,
  title ={Amino acid frequency},
  howpublished = {\url{http://www.tiem.utk.edu/~gross/bioed/webmodules/aminoacid.htm}},
}
